@article{heckman2006earnings,
  title={Earnings functions, rates of return and treatment effects: The Mincer equation and beyond},
  author={Heckman, James J and Lochner, Lance J and Todd, Petra E},
  journal={Handbook of the Economics of Education},
  volume={1},
  pages={307--458},
  year={2006},
  publisher={Elsevier}
}